@inproceedings{branner1989mandelbrot,
  title={The mandelbrot set},
  author={Branner, Bodil},
  booktitle={Proc. symp. appl. math},
  volume={39},
  pages={75--105},
  year={1989}
}

@article{张国栋2005Mandelbrot,
  title={Mandelbrot集内部结构的描述},
  author={张国栋 and 陈锦昌},
  journal={计算机应用与软件},
  volume={22},
  number={5},
  pages={3},
  year={2005},
}

@article{尹永成2002The,
  title={The topology of Julia sets for polynomials},
  author={尹永成YIN and YongchengCentre and of and Mathematical and Sciences and Zhejiang and University and Hangzhou and 310027 and China},
  journal={Science in China Ser A},
  year={2002},
}

@article{尹永成1999半双曲有理映射的,
  title={半双曲有理映射的Julia集},
  author={尹永成},
  journal={数学年刊:中文版},
  number={05},
  pages={559-567},
  year={1999},
}

@book{2014Fractals,
  title={Fractals, Wavelets, and their Applications},
  author={ Bandt, Christoph  and  Barnsley, Michael  and  Devaney, Robert  and  Falconer, Kenneth J.  and  Kannan, V.  and  Vinod, Kumar P. B },
  publisher={Fractals, Wavelets, and their Applications},
  year={2014},
}

@book{2019ComplexAnalysis,
  title={Complex Analysis: A Visual and Interactive Introduction.},
  author={Ponce Campuzano, J. C.},
  publisher={Author. ISBN: 978-0-6485736-0-9.},
  year={2019},
}

@article{Mitsuhiro1998The,
  title={The Hausdorff Dimension of the Boundary of the Mandelbrot Set and Julia Sets},
  author={Mitsuhiro and Shishikura},
  journal={Annals of Mathematics},
  year={1998},
}