@phdthesis{谢欣伟2008操作系统用户特权最小化的研究与实现,
  title={操作系统用户特权最小化的研究与实现},
  author={谢欣伟 and 廖湘科 and 陈松政 and 何连跃},
  year={2008},
  school={长沙: 国防科学技术大学}
}

@article{牛铁2011超级计算集群的安全防护,
  title={超级计算集群的安全防护},
  author={牛铁 and 朱鹏 and 曹宗雁 and 刘飞},
  journal={科研信息化技术与应用},
  volume={2},
  number={6},
  pages={45--51},
  year={2011}
}