@inproceedings{branner1989mandelbrot,
  title={The mandelbrot set},
  author={Branner, Bodil},
  booktitle={Proc. symp. appl. math},
  volume={39},
  pages={75--105},
  year={1989}
}

@article{张国栋2005Mandelbrot,
  title={Mandelbrot集内部结构的描述},
  author={张国栋 and 陈锦昌},
  journal={计算机应用与软件},
  volume={22},
  number={5},
  pages={3},
  year={2005},
}